@book{DBLP:books/daglib/0094933,
  author    = {Uwe Sch{\"o}ning and
               Randall Pruim},
  title     = {Gems of theoretical computer science},
  publisher = {Springer},
  year      = {1998},
  isbn      = {978-3-540-64425-5},
  pages     = {I-X, 1-320},
  bibsource = {DBLP, http://dblp.uni-trier.de}
}

@article{koucky2002universal,
  title={Universal traversal sequences with backtracking},
  author={Kouck{\`y}, Michal},
  journal={Journal of Computer and System Sciences},
  volume={65},
  number={4},
  pages={717--726},
  year={2002},
  publisher={Elsevier}
}

@inproceedings{aleliunas1979random,
  title={Random walks, universal traversal sequences, and the complexity of maze problems},
  author={Aleliunas, Romas and Karp, Richard M and Lipton, Richard J and Lovasz, Laszlo and Rackoff, Charles},
  booktitle={2013 IEEE 54th Annual Symposium on Foundations of Computer Science},
  pages={218--223},
  year={1979},
  organization={IEEE}
}

@article{feige1995tight,
  title={A tight lower bound on the cover time for random walks on graphs},
  author={Feige, Uriel},
  journal={Random Structures \& Algorithms},
  volume={6},
  number={4},
  pages={433--438},
  year={1995},
  publisher={Wiley Online Library}
}

@article{aldous1991random,
  title={Random walk covering of some special trees},
  author={Aldous, David J},
  journal={Journal of mathematical analysis and applications},
  volume={157},
  number={1},
  pages={271--283},
  year={1991},
  publisher={Elsevier}
}

